%YAML 1.1
%TAG !u! tag:unity3d.com,2011:
--- !u!1 &105672
GameObject:
  m_ObjectHideFlags: 0
  m_PrefabParentObject: {fileID: 0}
  m_PrefabInternal: {fileID: 100100000}
  serializedVersion: 4
  m_Component:
  - 4: {fileID: 415572}
  - 33: {fileID: 3334692}
  - 23: {fileID: 2382340}
  - 114: {fileID: 11414020}
  m_Layer: 8
  m_Name: Spikes
  m_TagString: Untagged
  m_Icon: {fileID: 0}
  m_NavMeshLayer: 0
  m_StaticEditorFlags: 0
  m_IsActive: 1
--- !u!1 &114260
GameObject:
  m_ObjectHideFlags: 0
  m_PrefabParentObject: {fileID: 0}
  m_PrefabInternal: {fileID: 100100000}
  serializedVersion: 4
  m_Component:
  - 4: {fileID: 491522}
  - 33: {fileID: 3386486}
  - 23: {fileID: 2377920}
  - 114: {fileID: 11483478}
  m_Layer: 8
  m_Name: Spikes
  m_TagString: Untagged
  m_Icon: {fileID: 0}
  m_NavMeshLayer: 0
  m_StaticEditorFlags: 0
  m_IsActive: 1
--- !u!1 &120054
GameObject:
  m_ObjectHideFlags: 0
  m_PrefabParentObject: {fileID: 0}
  m_PrefabInternal: {fileID: 100100000}
  serializedVersion: 4
  m_Component:
  - 4: {fileID: 445560}
  - 212: {fileID: 21216202}
  - 114: {fileID: 11444032}
  m_Layer: 8
  m_Name: Edge
  m_TagString: Untagged
  m_Icon: {fileID: 0}
  m_NavMeshLayer: 0
  m_StaticEditorFlags: 0
  m_IsActive: 1
--- !u!1 &125690
GameObject:
  m_ObjectHideFlags: 0
  m_PrefabParentObject: {fileID: 0}
  m_PrefabInternal: {fileID: 100100000}
  serializedVersion: 4
  m_Component:
  - 4: {fileID: 492296}
  - 33: {fileID: 3338808}
  - 23: {fileID: 2396936}
  - 114: {fileID: 11499202}
  m_Layer: 8
  m_Name: Spikes
  m_TagString: Untagged
  m_Icon: {fileID: 0}
  m_NavMeshLayer: 0
  m_StaticEditorFlags: 0
  m_IsActive: 1
--- !u!1 &131434
GameObject:
  m_ObjectHideFlags: 0
  m_PrefabParentObject: {fileID: 0}
  m_PrefabInternal: {fileID: 100100000}
  serializedVersion: 4
  m_Component:
  - 4: {fileID: 495994}
  - 135: {fileID: 13569700}
  - 114: {fileID: 11498608}
  - 114: {fileID: 11448204}
  - 114: {fileID: 11466482}
  - 114: {fileID: 11454272}
  m_Layer: 8
  m_Name: Memory Pool
  m_TagString: Untagged
  m_Icon: {fileID: 0}
  m_NavMeshLayer: 0
  m_StaticEditorFlags: 0
  m_IsActive: 1
--- !u!1 &159770
GameObject:
  m_ObjectHideFlags: 0
  m_PrefabParentObject: {fileID: 0}
  m_PrefabInternal: {fileID: 100100000}
  serializedVersion: 4
  m_Component:
  - 4: {fileID: 457610}
  - 33: {fileID: 3357064}
  - 23: {fileID: 2382574}
  - 114: {fileID: 11440984}
  m_Layer: 8
  m_Name: Spikes
  m_TagString: Untagged
  m_Icon: {fileID: 0}
  m_NavMeshLayer: 0
  m_StaticEditorFlags: 0
  m_IsActive: 1
--- !u!1 &161162
GameObject:
  m_ObjectHideFlags: 0
  m_PrefabParentObject: {fileID: 0}
  m_PrefabInternal: {fileID: 100100000}
  serializedVersion: 4
  m_Component:
  - 4: {fileID: 480006}
  - 33: {fileID: 3375886}
  - 23: {fileID: 2311878}
  - 114: {fileID: 11423872}
  m_Layer: 8
  m_Name: Spikes
  m_TagString: Untagged
  m_Icon: {fileID: 0}
  m_NavMeshLayer: 0
  m_StaticEditorFlags: 0
  m_IsActive: 1
--- !u!1 &162312
GameObject:
  m_ObjectHideFlags: 0
  m_PrefabParentObject: {fileID: 0}
  m_PrefabInternal: {fileID: 100100000}
  serializedVersion: 4
  m_Component:
  - 4: {fileID: 469246}
  - 33: {fileID: 3345612}
  - 23: {fileID: 2337056}
  - 114: {fileID: 11446354}
  m_Layer: 8
  m_Name: Spikes
  m_TagString: Untagged
  m_Icon: {fileID: 0}
  m_NavMeshLayer: 0
  m_StaticEditorFlags: 0
  m_IsActive: 1
--- !u!4 &415572
Transform:
  m_ObjectHideFlags: 1
  m_PrefabParentObject: {fileID: 0}
  m_PrefabInternal: {fileID: 100100000}
  m_GameObject: {fileID: 105672}
  m_LocalRotation: {x: -0.14736837, y: -0.3558217, z: -0.42634243, w: 0.81847763}
  m_LocalPosition: {x: 0.295, y: -0.25, z: 0.5580001}
  m_LocalScale: {x: 0.5, y: 0.5000001, z: 0.49999988}
  m_Children: []
  m_Father: {fileID: 495994}
  m_RootOrder: 3
--- !u!4 &445560
Transform:
  m_ObjectHideFlags: 1
  m_PrefabParentObject: {fileID: 0}
  m_PrefabInternal: {fileID: 100100000}
  m_GameObject: {fileID: 120054}
  m_LocalRotation: {x: -0.7071068, y: 0, z: 0, w: 0.7071067}
  m_LocalPosition: {x: 0, y: 0.1, z: 0}
  m_LocalScale: {x: 2, y: 2, z: 2}
  m_Children: []
  m_Father: {fileID: 495994}
  m_RootOrder: 0
--- !u!4 &457610
Transform:
  m_ObjectHideFlags: 1
  m_PrefabParentObject: {fileID: 0}
  m_PrefabInternal: {fileID: 100100000}
  m_GameObject: {fileID: 159770}
  m_LocalRotation: {x: -0.4331754, y: 0.46275958, z: -0.12587473, w: 0.76313055}
  m_LocalPosition: {x: 0.617, y: -0.25, z: -0.07500005}
  m_LocalScale: {x: 0.5, y: 0.50000006, z: 0.49999994}
  m_Children: []
  m_Father: {fileID: 495994}
  m_RootOrder: 2
--- !u!4 &469246
Transform:
  m_ObjectHideFlags: 1
  m_PrefabParentObject: {fileID: 0}
  m_PrefabInternal: {fileID: 100100000}
  m_GameObject: {fileID: 162312}
  m_LocalRotation: {x: -0.4119327, y: 0.8462875, z: 0.1838383, w: 0.28339455}
  m_LocalPosition: {x: -0.023, y: -0.25, z: 0.02699995}
  m_LocalScale: {x: 0.5, y: 0.50000036, z: 0.49999988}
  m_Children: []
  m_Father: {fileID: 495994}
  m_RootOrder: 6
--- !u!4 &480006
Transform:
  m_ObjectHideFlags: 1
  m_PrefabParentObject: {fileID: 0}
  m_PrefabInternal: {fileID: 100100000}
  m_GameObject: {fileID: 161162}
  m_LocalRotation: {x: 0.24505192, y: -0.8639276, z: -0.37872818, w: 0.223928}
  m_LocalPosition: {x: -0.468, y: -0.25, z: 0.40999997}
  m_LocalScale: {x: 0.5, y: 0.50000024, z: 0.49999988}
  m_Children: []
  m_Father: {fileID: 495994}
  m_RootOrder: 4
--- !u!4 &491522
Transform:
  m_ObjectHideFlags: 1
  m_PrefabParentObject: {fileID: 0}
  m_PrefabInternal: {fileID: 100100000}
  m_GameObject: {fileID: 114260}
  m_LocalRotation: {x: -0.262396, y: -0.10868799, z: -0.36692446, w: 0.8858339}
  m_LocalPosition: {x: 0.128, y: -0.25, z: -0.61}
  m_LocalScale: {x: 0.5, y: 0.5, z: 0.5}
  m_Children: []
  m_Father: {fileID: 495994}
  m_RootOrder: 1
--- !u!4 &492296
Transform:
  m_ObjectHideFlags: 1
  m_PrefabParentObject: {fileID: 0}
  m_PrefabInternal: {fileID: 100100000}
  m_GameObject: {fileID: 125690}
  m_LocalRotation: {x: 0.18260051, y: -0.8180985, z: -0.41248313, w: 0.35669273}
  m_LocalPosition: {x: -0.526, y: -0.25, z: -0.227}
  m_LocalScale: {x: 0.5, y: 0.5000003, z: 0.49999988}
  m_Children: []
  m_Father: {fileID: 495994}
  m_RootOrder: 5
--- !u!4 &495994
Transform:
  m_ObjectHideFlags: 1
  m_PrefabParentObject: {fileID: 0}
  m_PrefabInternal: {fileID: 100100000}
  m_GameObject: {fileID: 131434}
  m_LocalRotation: {x: 0, y: 0, z: 0, w: 1}
  m_LocalPosition: {x: 0, y: 0, z: 0}
  m_LocalScale: {x: 0, y: 0, z: 0}
  m_Children:
  - {fileID: 445560}
  - {fileID: 491522}
  - {fileID: 457610}
  - {fileID: 415572}
  - {fileID: 480006}
  - {fileID: 492296}
  - {fileID: 469246}
  m_Father: {fileID: 0}
  m_RootOrder: 0
--- !u!23 &2311878
MeshRenderer:
  m_ObjectHideFlags: 1
  m_PrefabParentObject: {fileID: 0}
  m_PrefabInternal: {fileID: 100100000}
  m_GameObject: {fileID: 161162}
  m_Enabled: 1
  m_CastShadows: 1
  m_ReceiveShadows: 1
  m_Materials:
  - {fileID: 2100000, guid: 267f858a8d39453438e4f97fc758b465, type: 2}
  m_SubsetIndices: 
  m_StaticBatchRoot: {fileID: 0}
  m_UseLightProbes: 1
  m_ReflectionProbeUsage: 1
  m_ProbeAnchor: {fileID: 0}
  m_ScaleInLightmap: 1
  m_PreserveUVs: 1
  m_IgnoreNormalsForChartDetection: 0
  m_ImportantGI: 0
  m_MinimumChartSize: 4
  m_AutoUVMaxDistance: 0.5
  m_AutoUVMaxAngle: 89
  m_LightmapParameters: {fileID: 0}
  m_SortingLayerID: 0
  m_SortingOrder: 0
--- !u!23 &2337056
MeshRenderer:
  m_ObjectHideFlags: 1
  m_PrefabParentObject: {fileID: 0}
  m_PrefabInternal: {fileID: 100100000}
  m_GameObject: {fileID: 162312}
  m_Enabled: 1
  m_CastShadows: 1
  m_ReceiveShadows: 1
  m_Materials:
  - {fileID: 2100000, guid: 267f858a8d39453438e4f97fc758b465, type: 2}
  m_SubsetIndices: 
  m_StaticBatchRoot: {fileID: 0}
  m_UseLightProbes: 1
  m_ReflectionProbeUsage: 1
  m_ProbeAnchor: {fileID: 0}
  m_ScaleInLightmap: 1
  m_PreserveUVs: 1
  m_IgnoreNormalsForChartDetection: 0
  m_ImportantGI: 0
  m_MinimumChartSize: 4
  m_AutoUVMaxDistance: 0.5
  m_AutoUVMaxAngle: 89
  m_LightmapParameters: {fileID: 0}
  m_SortingLayerID: 0
  m_SortingOrder: 0
--- !u!23 &2377920
MeshRenderer:
  m_ObjectHideFlags: 1
  m_PrefabParentObject: {fileID: 0}
  m_PrefabInternal: {fileID: 100100000}
  m_GameObject: {fileID: 114260}
  m_Enabled: 1
  m_CastShadows: 1
  m_ReceiveShadows: 1
  m_Materials:
  - {fileID: 2100000, guid: 267f858a8d39453438e4f97fc758b465, type: 2}
  m_SubsetIndices: 
  m_StaticBatchRoot: {fileID: 0}
  m_UseLightProbes: 1
  m_ReflectionProbeUsage: 1
  m_ProbeAnchor: {fileID: 0}
  m_ScaleInLightmap: 1
  m_PreserveUVs: 1
  m_IgnoreNormalsForChartDetection: 0
  m_ImportantGI: 0
  m_MinimumChartSize: 4
  m_AutoUVMaxDistance: 0.5
  m_AutoUVMaxAngle: 89
  m_LightmapParameters: {fileID: 0}
  m_SortingLayerID: 0
  m_SortingOrder: 0
--- !u!23 &2382340
MeshRenderer:
  m_ObjectHideFlags: 1
  m_PrefabParentObject: {fileID: 0}
  m_PrefabInternal: {fileID: 100100000}
  m_GameObject: {fileID: 105672}
  m_Enabled: 1
  m_CastShadows: 1
  m_ReceiveShadows: 1
  m_Materials:
  - {fileID: 2100000, guid: 267f858a8d39453438e4f97fc758b465, type: 2}
  m_SubsetIndices: 
  m_StaticBatchRoot: {fileID: 0}
  m_UseLightProbes: 1
  m_ReflectionProbeUsage: 1
  m_ProbeAnchor: {fileID: 0}
  m_ScaleInLightmap: 1
  m_PreserveUVs: 1
  m_IgnoreNormalsForChartDetection: 0
  m_ImportantGI: 0
  m_MinimumChartSize: 4
  m_AutoUVMaxDistance: 0.5
  m_AutoUVMaxAngle: 89
  m_LightmapParameters: {fileID: 0}
  m_SortingLayerID: 0
  m_SortingOrder: 0
--- !u!23 &2382574
MeshRenderer:
  m_ObjectHideFlags: 1
  m_PrefabParentObject: {fileID: 0}
  m_PrefabInternal: {fileID: 100100000}
  m_GameObject: {fileID: 159770}
  m_Enabled: 1
  m_CastShadows: 1
  m_ReceiveShadows: 1
  m_Materials:
  - {fileID: 2100000, guid: 267f858a8d39453438e4f97fc758b465, type: 2}
  m_SubsetIndices: 
  m_StaticBatchRoot: {fileID: 0}
  m_UseLightProbes: 1
  m_ReflectionProbeUsage: 1
  m_ProbeAnchor: {fileID: 0}
  m_ScaleInLightmap: 1
  m_PreserveUVs: 1
  m_IgnoreNormalsForChartDetection: 0
  m_ImportantGI: 0
  m_MinimumChartSize: 4
  m_AutoUVMaxDistance: 0.5
  m_AutoUVMaxAngle: 89
  m_LightmapParameters: {fileID: 0}
  m_SortingLayerID: 0
  m_SortingOrder: 0
--- !u!23 &2396936
MeshRenderer:
  m_ObjectHideFlags: 1
  m_PrefabParentObject: {fileID: 0}
  m_PrefabInternal: {fileID: 100100000}
  m_GameObject: {fileID: 125690}
  m_Enabled: 1
  m_CastShadows: 1
  m_ReceiveShadows: 1
  m_Materials:
  - {fileID: 2100000, guid: 267f858a8d39453438e4f97fc758b465, type: 2}
  m_SubsetIndices: 
  m_StaticBatchRoot: {fileID: 0}
  m_UseLightProbes: 1
  m_ReflectionProbeUsage: 1
  m_ProbeAnchor: {fileID: 0}
  m_ScaleInLightmap: 1
  m_PreserveUVs: 1
  m_IgnoreNormalsForChartDetection: 0
  m_ImportantGI: 0
  m_MinimumChartSize: 4
  m_AutoUVMaxDistance: 0.5
  m_AutoUVMaxAngle: 89
  m_LightmapParameters: {fileID: 0}
  m_SortingLayerID: 0
  m_SortingOrder: 0
--- !u!33 &3334692
MeshFilter:
  m_ObjectHideFlags: 1
  m_PrefabParentObject: {fileID: 0}
  m_PrefabInternal: {fileID: 100100000}
  m_GameObject: {fileID: 105672}
  m_Mesh: {fileID: 10202, guid: 0000000000000000e000000000000000, type: 0}
--- !u!33 &3338808
MeshFilter:
  m_ObjectHideFlags: 1
  m_PrefabParentObject: {fileID: 0}
  m_PrefabInternal: {fileID: 100100000}
  m_GameObject: {fileID: 125690}
  m_Mesh: {fileID: 10202, guid: 0000000000000000e000000000000000, type: 0}
--- !u!33 &3345612
MeshFilter:
  m_ObjectHideFlags: 1
  m_PrefabParentObject: {fileID: 0}
  m_PrefabInternal: {fileID: 100100000}
  m_GameObject: {fileID: 162312}
  m_Mesh: {fileID: 10202, guid: 0000000000000000e000000000000000, type: 0}
--- !u!33 &3357064
MeshFilter:
  m_ObjectHideFlags: 1
  m_PrefabParentObject: {fileID: 0}
  m_PrefabInternal: {fileID: 100100000}
  m_GameObject: {fileID: 159770}
  m_Mesh: {fileID: 10202, guid: 0000000000000000e000000000000000, type: 0}
--- !u!33 &3375886
MeshFilter:
  m_ObjectHideFlags: 1
  m_PrefabParentObject: {fileID: 0}
  m_PrefabInternal: {fileID: 100100000}
  m_GameObject: {fileID: 161162}
  m_Mesh: {fileID: 10202, guid: 0000000000000000e000000000000000, type: 0}
--- !u!33 &3386486
MeshFilter:
  m_ObjectHideFlags: 1
  m_PrefabParentObject: {fileID: 0}
  m_PrefabInternal: {fileID: 100100000}
  m_GameObject: {fileID: 114260}
  m_Mesh: {fileID: 10202, guid: 0000000000000000e000000000000000, type: 0}
--- !u!114 &11414020
MonoBehaviour:
  m_ObjectHideFlags: 1
  m_PrefabParentObject: {fileID: 0}
  m_PrefabInternal: {fileID: 100100000}
  m_GameObject: {fileID: 105672}
  m_Enabled: 1
  m_EditorHideFlags: 0
  m_Script: {fileID: 11500000, guid: 038c5ee840c3a43408e0704cec4b55f0, type: 3}
  m_Name: 
  m_EditorClassIdentifier: 
  fadeinDirection: {x: 0, y: -5, z: 0}
  hide: 0
  rendererComponent: {fileID: 2382340}
  subrendererComponents: []
--- !u!114 &11423872
MonoBehaviour:
  m_ObjectHideFlags: 1
  m_PrefabParentObject: {fileID: 0}
  m_PrefabInternal: {fileID: 100100000}
  m_GameObject: {fileID: 161162}
  m_Enabled: 1
  m_EditorHideFlags: 0
  m_Script: {fileID: 11500000, guid: 038c5ee840c3a43408e0704cec4b55f0, type: 3}
  m_Name: 
  m_EditorClassIdentifier: 
  fadeinDirection: {x: 0, y: -5, z: 0}
  hide: 0
  rendererComponent: {fileID: 2311878}
  subrendererComponents: []
--- !u!114 &11440984
MonoBehaviour:
  m_ObjectHideFlags: 1
  m_PrefabParentObject: {fileID: 0}
  m_PrefabInternal: {fileID: 100100000}
  m_GameObject: {fileID: 159770}
  m_Enabled: 1
  m_EditorHideFlags: 0
  m_Script: {fileID: 11500000, guid: 038c5ee840c3a43408e0704cec4b55f0, type: 3}
  m_Name: 
  m_EditorClassIdentifier: 
  fadeinDirection: {x: 0, y: -5, z: 0}
  hide: 0
  rendererComponent: {fileID: 2382574}
  subrendererComponents: []
--- !u!114 &11444032
MonoBehaviour:
  m_ObjectHideFlags: 1
  m_PrefabParentObject: {fileID: 0}
  m_PrefabInternal: {fileID: 100100000}
  m_GameObject: {fileID: 120054}
  m_Enabled: 1
  m_EditorHideFlags: 0
  m_Script: {fileID: 11500000, guid: 038c5ee840c3a43408e0704cec4b55f0, type: 3}
  m_Name: 
  m_EditorClassIdentifier: 
  fadeinDirection: {x: 0, y: -5, z: 0}
  hide: 0
  rendererComponent: {fileID: 21216202}
  subrendererComponents: []
--- !u!114 &11446354
MonoBehaviour:
  m_ObjectHideFlags: 1
  m_PrefabParentObject: {fileID: 0}
  m_PrefabInternal: {fileID: 100100000}
  m_GameObject: {fileID: 162312}
  m_Enabled: 1
  m_EditorHideFlags: 0
  m_Script: {fileID: 11500000, guid: 038c5ee840c3a43408e0704cec4b55f0, type: 3}
  m_Name: 
  m_EditorClassIdentifier: 
  fadeinDirection: {x: 0, y: -5, z: 0}
  hide: 0
  rendererComponent: {fileID: 2337056}
  subrendererComponents: []
--- !u!114 &11448204
MonoBehaviour:
  m_ObjectHideFlags: 1
  m_PrefabParentObject: {fileID: 0}
  m_PrefabInternal: {fileID: 100100000}
  m_GameObject: {fileID: 131434}
  m_Enabled: 1
  m_EditorHideFlags: 0
  m_Script: {fileID: 11500000, guid: 400922a0b70321745b5e407efb97e42a, type: 3}
  m_Name: 
  m_EditorClassIdentifier: 
  mirage: {fileID: 11498608}
  jiggleChildren:
  - {fileID: 491522}
  - {fileID: 457610}
  - {fileID: 415572}
  - {fileID: 480006}
  - {fileID: 492296}
  - {fileID: 469246}
  despawnEffect: {fileID: 11466482}
--- !u!114 &11454272
MonoBehaviour:
  m_ObjectHideFlags: 1
  m_PrefabParentObject: {fileID: 0}
  m_PrefabInternal: {fileID: 100100000}
  m_GameObject: {fileID: 131434}
  m_Enabled: 1
  m_EditorHideFlags: 0
  m_Script: {fileID: -79023486, guid: 32187afbec4815f418408268605edeee, type: 3}
  m_Name: 
  m_EditorClassIdentifier: 
  settings:
    timeScaling: 2
    reverseClamp: 1
  events:
    onPlay:
      m_PersistentCalls:
        m_Calls: []
      m_TypeName: UnityEngine.Events.UnityEvent, UnityEngine, Version=0.0.0.0, Culture=neutral,
        PublicKeyToken=null
    onStop:
      m_PersistentCalls:
        m_Calls: []
      m_TypeName: UnityEngine.Events.UnityEvent, UnityEngine, Version=0.0.0.0, Culture=neutral,
        PublicKeyToken=null
    onDurationReached:
      m_PersistentCalls:
        m_Calls: []
      m_TypeName: UnityEngine.Events.UnityEvent, UnityEngine, Version=0.0.0.0, Culture=neutral,
        PublicKeyToken=null
    onRawWeightApex:
      m_PersistentCalls:
        m_Calls: []
      m_TypeName: UnityEngine.Events.UnityEvent, UnityEngine, Version=0.0.0.0, Culture=neutral,
        PublicKeyToken=null
  isSleeping: 0
  weights: 0800000001000000
  customWeight:
    stimulus: 0
    curve:
      serializedVersion: 2
      m_Curve:
      - time: 0
        value: 1
        inSlope: 0
        outSlope: 0
        tangentMode: 0
      - time: 1
        value: 1
        inSlope: 0
        outSlope: 0
        tangentMode: 0
      m_PreInfinity: 2
      m_PostInfinity: 2
      m_RotationOrder: 4
  speed: 1
  rawTime: 0
  simulatedTime: 0
  strength: 1
  preset: 0
  duration: 0.2
  timeWrap: 0
  positionExtent: {x: 0, y: 0, z: 0}
  rotationExtent: {x: 0, y: 0, z: 0}
  scaleExtent: {x: 1, y: 1, z: 1}
  previousPreset: 0
  positionOffset: {x: 0, y: 0, z: 0}
  rotationOffset: {x: 0, y: 0, z: 0, w: 1}
  scaleOffset: {x: 0, y: 0, z: 0}
--- !u!114 &11466482
MonoBehaviour:
  m_ObjectHideFlags: 1
  m_PrefabParentObject: {fileID: 0}
  m_PrefabInternal: {fileID: 100100000}
  m_GameObject: {fileID: 131434}
  m_Enabled: 1
  m_EditorHideFlags: 0
  m_Script: {fileID: -79023486, guid: 32187afbec4815f418408268605edeee, type: 3}
  m_Name: 
  m_EditorClassIdentifier: 
  settings:
    timeScaling: 2
    reverseClamp: 1
  events:
    onPlay:
      m_PersistentCalls:
        m_Calls: []
      m_TypeName: UnityEngine.Events.UnityEvent, UnityEngine, Version=0.0.0.0, Culture=neutral,
        PublicKeyToken=null
    onStop:
      m_PersistentCalls:
        m_Calls: []
      m_TypeName: UnityEngine.Events.UnityEvent, UnityEngine, Version=0.0.0.0, Culture=neutral,
        PublicKeyToken=null
    onDurationReached:
      m_PersistentCalls:
        m_Calls:
        - m_Target: {fileID: 11448204}
          m_MethodName: Destroy
          m_Mode: 1
          m_Arguments:
            m_ObjectArgument: {fileID: 0}
            m_ObjectArgumentAssemblyTypeName: UnityEngine.Object, UnityEngine
            m_IntArgument: 0
            m_FloatArgument: 0
            m_StringArgument: 
            m_BoolArgument: 0
          m_CallState: 2
      m_TypeName: UnityEngine.Events.UnityEvent, UnityEngine, Version=0.0.0.0, Culture=neutral,
        PublicKeyToken=null
    onRawWeightApex:
      m_PersistentCalls:
        m_Calls: []
      m_TypeName: UnityEngine.Events.UnityEvent, UnityEngine, Version=0.0.0.0, Culture=neutral,
        PublicKeyToken=null
  isSleeping: 0
  weights: 0200000002000000
  customWeight:
    stimulus: 0
    curve:
      serializedVersion: 2
      m_Curve:
      - time: 0
        value: 1
        inSlope: 0
        outSlope: 0
        tangentMode: 0
      - time: 1
        value: 1
        inSlope: 0
        outSlope: 0
        tangentMode: 0
      m_PreInfinity: 2
      m_PostInfinity: 2
      m_RotationOrder: 4
  speed: 1
  rawTime: 0
  simulatedTime: 0
  strength: 1
  preset: 0
  duration: 5
  timeWrap: 3
  positionExtent: {x: 0, y: 0, z: 0}
  rotationExtent: {x: 0, y: 0, z: 0}
  scaleExtent: {x: -1, y: -1, z: -1}
  previousPreset: 0
  positionOffset: {x: 0, y: 0, z: 0}
  rotationOffset: {x: 0, y: 0, z: 0, w: 1}
  scaleOffset: {x: 0, y: 0, z: 0}
--- !u!114 &11483478
MonoBehaviour:
  m_ObjectHideFlags: 1
  m_PrefabParentObject: {fileID: 0}
  m_PrefabInternal: {fileID: 100100000}
  m_GameObject: {fileID: 114260}
  m_Enabled: 1
  m_EditorHideFlags: 0
  m_Script: {fileID: 11500000, guid: 038c5ee840c3a43408e0704cec4b55f0, type: 3}
  m_Name: 
  m_EditorClassIdentifier: 
  fadeinDirection: {x: 0, y: -5, z: 0}
  hide: 0
  rendererComponent: {fileID: 2377920}
  subrendererComponents: []
--- !u!114 &11498608
MonoBehaviour:
  m_ObjectHideFlags: 1
  m_PrefabParentObject: {fileID: 0}
  m_PrefabInternal: {fileID: 100100000}
  m_GameObject: {fileID: 131434}
  m_Enabled: 1
  m_EditorHideFlags: 0
  m_Script: {fileID: 11500000, guid: 5f0763ebf5e05db4383b91baf9db796f, type: 3}
  m_Name: 
  m_EditorClassIdentifier: 
  hide: 0
  affectedByPulse: 0
  colliders:
  - {fileID: 13569700}
  body:
  - {fileID: 11444032}
  - {fileID: 11483478}
  - {fileID: 11440984}
  - {fileID: 11414020}
  - {fileID: 11423872}
  - {fileID: 11499202}
  - {fileID: 11446354}
--- !u!114 &11499202
MonoBehaviour:
  m_ObjectHideFlags: 1
  m_PrefabParentObject: {fileID: 0}
  m_PrefabInternal: {fileID: 100100000}
  m_GameObject: {fileID: 125690}
  m_Enabled: 1
  m_EditorHideFlags: 0
  m_Script: {fileID: 11500000, guid: 038c5ee840c3a43408e0704cec4b55f0, type: 3}
  m_Name: 
  m_EditorClassIdentifier: 
  fadeinDirection: {x: 0, y: -5, z: 0}
  hide: 0
  rendererComponent: {fileID: 2396936}
  subrendererComponents: []
--- !u!135 &13569700
SphereCollider:
  m_ObjectHideFlags: 1
  m_PrefabParentObject: {fileID: 0}
  m_PrefabInternal: {fileID: 100100000}
  m_GameObject: {fileID: 131434}
  m_Material: {fileID: 0}
  m_IsTrigger: 1
  m_Enabled: 1
  serializedVersion: 2
  m_Radius: 1
  m_Center: {x: 0, y: 0, z: 0}
--- !u!212 &21216202
SpriteRenderer:
  m_ObjectHideFlags: 1
  m_PrefabParentObject: {fileID: 0}
  m_PrefabInternal: {fileID: 100100000}
  m_GameObject: {fileID: 120054}
  m_Enabled: 1
  m_CastShadows: 0
  m_ReceiveShadows: 0
  m_Materials:
  - {fileID: 2100000, guid: 9d72eec4006daf844be25974d901546d, type: 2}
  m_SubsetIndices: 
  m_StaticBatchRoot: {fileID: 0}
  m_UseLightProbes: 0
  m_ReflectionProbeUsage: 0
  m_ProbeAnchor: {fileID: 0}
  m_ScaleInLightmap: 1
  m_PreserveUVs: 0
  m_IgnoreNormalsForChartDetection: 0
  m_ImportantGI: 0
  m_MinimumChartSize: 4
  m_AutoUVMaxDistance: 0.5
  m_AutoUVMaxAngle: 89
  m_LightmapParameters: {fileID: 0}
  m_SortingLayerID: 0
  m_SortingOrder: 0
  m_Sprite: {fileID: 21300000, guid: 4283a38709e839e4482f584cb1582ee6, type: 3}
  m_Color: {r: 0.875, g: 0.85370183, b: 0.10294117, a: 1}
  m_FlipX: 0
  m_FlipY: 0
--- !u!1001 &100100000
Prefab:
  m_ObjectHideFlags: 1
  serializedVersion: 2
  m_Modification:
    m_TransformParent: {fileID: 0}
    m_Modifications: []
    m_RemovedComponents: []
  m_ParentPrefab: {fileID: 0}
  m_RootGameObject: {fileID: 131434}
  m_IsPrefabParent: 1
