%YAML 1.1
%TAG !u! tag:unity3d.com,2011:
--- !u!1 &107964
GameObject:
  m_ObjectHideFlags: 0
  m_PrefabParentObject: {fileID: 0}
  m_PrefabInternal: {fileID: 100100000}
  serializedVersion: 4
  m_Component:
  - 4: {fileID: 474640}
  - 33: {fileID: 3371522}
  - 23: {fileID: 2326744}
  - 114: {fileID: 11418532}
  m_Layer: 8
  m_Name: Body
  m_TagString: Untagged
  m_Icon: {fileID: 0}
  m_NavMeshLayer: 0
  m_StaticEditorFlags: 0
  m_IsActive: 1
--- !u!1 &111424
GameObject:
  m_ObjectHideFlags: 0
  m_PrefabParentObject: {fileID: 0}
  m_PrefabInternal: {fileID: 100100000}
  serializedVersion: 4
  m_Component:
  - 4: {fileID: 470570}
  - 33: {fileID: 3340064}
  - 23: {fileID: 2373710}
  - 114: {fileID: 11497566}
  - 114: {fileID: 11461946}
  m_Layer: 8
  m_Name: Body
  m_TagString: Untagged
  m_Icon: {fileID: 0}
  m_NavMeshLayer: 0
  m_StaticEditorFlags: 0
  m_IsActive: 1
--- !u!1 &138208
GameObject:
  m_ObjectHideFlags: 0
  m_PrefabParentObject: {fileID: 0}
  m_PrefabInternal: {fileID: 100100000}
  serializedVersion: 4
  m_Component:
  - 4: {fileID: 427264}
  - 114: {fileID: 11401860}
  - 65: {fileID: 6527256}
  - 114: {fileID: 11431532}
  m_Layer: 8
  m_Name: Memory
  m_TagString: Untagged
  m_Icon: {fileID: 0}
  m_NavMeshLayer: 0
  m_StaticEditorFlags: 0
  m_IsActive: 1
--- !u!1 &139384
GameObject:
  m_ObjectHideFlags: 0
  m_PrefabParentObject: {fileID: 0}
  m_PrefabInternal: {fileID: 100100000}
  serializedVersion: 4
  m_Component:
  - 4: {fileID: 401706}
  - 33: {fileID: 3388922}
  - 23: {fileID: 2337738}
  - 114: {fileID: 11445840}
  - 114: {fileID: 11482764}
  m_Layer: 8
  m_Name: Body
  m_TagString: Untagged
  m_Icon: {fileID: 0}
  m_NavMeshLayer: 0
  m_StaticEditorFlags: 0
  m_IsActive: 1
--- !u!1 &148912
GameObject:
  m_ObjectHideFlags: 0
  m_PrefabParentObject: {fileID: 0}
  m_PrefabInternal: {fileID: 100100000}
  serializedVersion: 4
  m_Component:
  - 4: {fileID: 475018}
  - 33: {fileID: 3394864}
  - 23: {fileID: 2324126}
  - 114: {fileID: 11448634}
  - 114: {fileID: 11447324}
  m_Layer: 8
  m_Name: Body
  m_TagString: Untagged
  m_Icon: {fileID: 0}
  m_NavMeshLayer: 0
  m_StaticEditorFlags: 0
  m_IsActive: 1
--- !u!1 &154074
GameObject:
  m_ObjectHideFlags: 0
  m_PrefabParentObject: {fileID: 0}
  m_PrefabInternal: {fileID: 100100000}
  serializedVersion: 4
  m_Component:
  - 4: {fileID: 441700}
  - 33: {fileID: 3347300}
  - 23: {fileID: 2339758}
  - 114: {fileID: 11488710}
  - 114: {fileID: 11464942}
  m_Layer: 8
  m_Name: Body
  m_TagString: Untagged
  m_Icon: {fileID: 0}
  m_NavMeshLayer: 0
  m_StaticEditorFlags: 0
  m_IsActive: 1
--- !u!1 &154254
GameObject:
  m_ObjectHideFlags: 0
  m_PrefabParentObject: {fileID: 0}
  m_PrefabInternal: {fileID: 100100000}
  serializedVersion: 4
  m_Component:
  - 4: {fileID: 467800}
  - 33: {fileID: 3398718}
  - 23: {fileID: 2325564}
  - 114: {fileID: 11418824}
  - 114: {fileID: 11422128}
  m_Layer: 8
  m_Name: Body
  m_TagString: Untagged
  m_Icon: {fileID: 0}
  m_NavMeshLayer: 0
  m_StaticEditorFlags: 0
  m_IsActive: 1
--- !u!1 &174862
GameObject:
  m_ObjectHideFlags: 0
  m_PrefabParentObject: {fileID: 0}
  m_PrefabInternal: {fileID: 100100000}
  serializedVersion: 4
  m_Component:
  - 4: {fileID: 467386}
  - 33: {fileID: 3346902}
  - 23: {fileID: 2360580}
  - 114: {fileID: 11465666}
  - 114: {fileID: 11466178}
  m_Layer: 8
  m_Name: Body
  m_TagString: Untagged
  m_Icon: {fileID: 0}
  m_NavMeshLayer: 0
  m_StaticEditorFlags: 0
  m_IsActive: 1
--- !u!1 &175300
GameObject:
  m_ObjectHideFlags: 0
  m_PrefabParentObject: {fileID: 0}
  m_PrefabInternal: {fileID: 100100000}
  serializedVersion: 4
  m_Component:
  - 4: {fileID: 458062}
  - 33: {fileID: 3393538}
  - 23: {fileID: 2363248}
  - 114: {fileID: 11497342}
  - 114: {fileID: 11455808}
  m_Layer: 8
  m_Name: Body
  m_TagString: Untagged
  m_Icon: {fileID: 0}
  m_NavMeshLayer: 0
  m_StaticEditorFlags: 0
  m_IsActive: 1
--- !u!1 &189912
GameObject:
  m_ObjectHideFlags: 0
  m_PrefabParentObject: {fileID: 0}
  m_PrefabInternal: {fileID: 100100000}
  serializedVersion: 4
  m_Component:
  - 4: {fileID: 405268}
  - 33: {fileID: 3318216}
  - 23: {fileID: 2313104}
  - 114: {fileID: 11446454}
  - 114: {fileID: 11479904}
  m_Layer: 8
  m_Name: Body
  m_TagString: Untagged
  m_Icon: {fileID: 0}
  m_NavMeshLayer: 0
  m_StaticEditorFlags: 0
  m_IsActive: 1
--- !u!4 &401706
Transform:
  m_ObjectHideFlags: 1
  m_PrefabParentObject: {fileID: 0}
  m_PrefabInternal: {fileID: 100100000}
  m_GameObject: {fileID: 139384}
  m_LocalRotation: {x: 0, y: 0, z: 0, w: 1}
  m_LocalPosition: {x: 0, y: 2.6, z: 0}
  m_LocalScale: {x: 1.25, y: 0.2, z: 1.25}
  m_Children: []
  m_Father: {fileID: 427264}
  m_RootOrder: 5
--- !u!4 &405268
Transform:
  m_ObjectHideFlags: 1
  m_PrefabParentObject: {fileID: 0}
  m_PrefabInternal: {fileID: 100100000}
  m_GameObject: {fileID: 189912}
  m_LocalRotation: {x: 0, y: 0, z: 0, w: 1}
  m_LocalPosition: {x: 0, y: 3.4, z: 0}
  m_LocalScale: {x: 1.75, y: 0.2, z: 1.75}
  m_Children: []
  m_Father: {fileID: 427264}
  m_RootOrder: 7
--- !u!4 &427264
Transform:
  m_ObjectHideFlags: 1
  m_PrefabParentObject: {fileID: 0}
  m_PrefabInternal: {fileID: 100100000}
  m_GameObject: {fileID: 138208}
  m_LocalRotation: {x: 0, y: 0, z: 0, w: 1}
  m_LocalPosition: {x: 0, y: 0, z: 0}
  m_LocalScale: {x: 1, y: 1, z: 1}
  m_Children:
  - {fileID: 474640}
  - {fileID: 458062}
  - {fileID: 470570}
  - {fileID: 467386}
  - {fileID: 467800}
  - {fileID: 401706}
  - {fileID: 441700}
  - {fileID: 405268}
  - {fileID: 475018}
  m_Father: {fileID: 0}
  m_RootOrder: 0
--- !u!4 &441700
Transform:
  m_ObjectHideFlags: 1
  m_PrefabParentObject: {fileID: 0}
  m_PrefabInternal: {fileID: 100100000}
  m_GameObject: {fileID: 154074}
  m_LocalRotation: {x: 0, y: 0, z: 0, w: 1}
  m_LocalPosition: {x: 0, y: 3, z: 0}
  m_LocalScale: {x: 1.5, y: 0.2, z: 1.5}
  m_Children: []
  m_Father: {fileID: 427264}
  m_RootOrder: 6
--- !u!4 &458062
Transform:
  m_ObjectHideFlags: 1
  m_PrefabParentObject: {fileID: 0}
  m_PrefabInternal: {fileID: 100100000}
  m_GameObject: {fileID: 175300}
  m_LocalRotation: {x: 0, y: 0, z: 0, w: 1}
  m_LocalPosition: {x: 0, y: 1, z: 0}
  m_LocalScale: {x: 0.25, y: 0.2, z: 0.25}
  m_Children: []
  m_Father: {fileID: 427264}
  m_RootOrder: 1
--- !u!4 &467386
Transform:
  m_ObjectHideFlags: 1
  m_PrefabParentObject: {fileID: 0}
  m_PrefabInternal: {fileID: 100100000}
  m_GameObject: {fileID: 174862}
  m_LocalRotation: {x: 0, y: 0, z: 0, w: 1}
  m_LocalPosition: {x: 0, y: 1.8, z: 0}
  m_LocalScale: {x: 0.75, y: 0.2, z: 0.75}
  m_Children: []
  m_Father: {fileID: 427264}
  m_RootOrder: 3
--- !u!4 &467800
Transform:
  m_ObjectHideFlags: 1
  m_PrefabParentObject: {fileID: 0}
  m_PrefabInternal: {fileID: 100100000}
  m_GameObject: {fileID: 154254}
  m_LocalRotation: {x: 0, y: 0, z: 0, w: 1}
  m_LocalPosition: {x: 0, y: 2.2, z: 0}
  m_LocalScale: {x: 1, y: 0.2, z: 1}
  m_Children: []
  m_Father: {fileID: 427264}
  m_RootOrder: 4
--- !u!4 &470570
Transform:
  m_ObjectHideFlags: 1
  m_PrefabParentObject: {fileID: 0}
  m_PrefabInternal: {fileID: 100100000}
  m_GameObject: {fileID: 111424}
  m_LocalRotation: {x: 0, y: 0, z: 0, w: 1}
  m_LocalPosition: {x: 0, y: 1.4, z: 0}
  m_LocalScale: {x: 0.5, y: 0.2, z: 0.5}
  m_Children: []
  m_Father: {fileID: 427264}
  m_RootOrder: 2
--- !u!4 &474640
Transform:
  m_ObjectHideFlags: 1
  m_PrefabParentObject: {fileID: 0}
  m_PrefabInternal: {fileID: 100100000}
  m_GameObject: {fileID: 107964}
  m_LocalRotation: {x: 0, y: 0, z: 0, w: 1}
  m_LocalPosition: {x: 0, y: 0.1, z: 0}
  m_LocalScale: {x: 2, y: 0.2, z: 2}
  m_Children: []
  m_Father: {fileID: 427264}
  m_RootOrder: 0
--- !u!4 &475018
Transform:
  m_ObjectHideFlags: 1
  m_PrefabParentObject: {fileID: 0}
  m_PrefabInternal: {fileID: 100100000}
  m_GameObject: {fileID: 148912}
  m_LocalRotation: {x: 0, y: 0, z: 0, w: 1}
  m_LocalPosition: {x: 0, y: 3.8, z: 0}
  m_LocalScale: {x: 2, y: 0.2, z: 2}
  m_Children: []
  m_Father: {fileID: 427264}
  m_RootOrder: 8
--- !u!23 &2313104
MeshRenderer:
  m_ObjectHideFlags: 1
  m_PrefabParentObject: {fileID: 0}
  m_PrefabInternal: {fileID: 100100000}
  m_GameObject: {fileID: 189912}
  m_Enabled: 1
  m_CastShadows: 1
  m_ReceiveShadows: 1
  m_Materials:
  - {fileID: 2100000, guid: 267f858a8d39453438e4f97fc758b465, type: 2}
  m_SubsetIndices: 
  m_StaticBatchRoot: {fileID: 0}
  m_UseLightProbes: 1
  m_ReflectionProbeUsage: 1
  m_ProbeAnchor: {fileID: 0}
  m_ScaleInLightmap: 1
  m_PreserveUVs: 1
  m_IgnoreNormalsForChartDetection: 0
  m_ImportantGI: 0
  m_MinimumChartSize: 4
  m_AutoUVMaxDistance: 0.5
  m_AutoUVMaxAngle: 89
  m_LightmapParameters: {fileID: 0}
  m_SortingLayerID: 0
  m_SortingOrder: 0
--- !u!23 &2324126
MeshRenderer:
  m_ObjectHideFlags: 1
  m_PrefabParentObject: {fileID: 0}
  m_PrefabInternal: {fileID: 100100000}
  m_GameObject: {fileID: 148912}
  m_Enabled: 1
  m_CastShadows: 1
  m_ReceiveShadows: 1
  m_Materials:
  - {fileID: 2100000, guid: 267f858a8d39453438e4f97fc758b465, type: 2}
  m_SubsetIndices: 
  m_StaticBatchRoot: {fileID: 0}
  m_UseLightProbes: 1
  m_ReflectionProbeUsage: 1
  m_ProbeAnchor: {fileID: 0}
  m_ScaleInLightmap: 1
  m_PreserveUVs: 1
  m_IgnoreNormalsForChartDetection: 0
  m_ImportantGI: 0
  m_MinimumChartSize: 4
  m_AutoUVMaxDistance: 0.5
  m_AutoUVMaxAngle: 89
  m_LightmapParameters: {fileID: 0}
  m_SortingLayerID: 0
  m_SortingOrder: 0
--- !u!23 &2325564
MeshRenderer:
  m_ObjectHideFlags: 1
  m_PrefabParentObject: {fileID: 0}
  m_PrefabInternal: {fileID: 100100000}
  m_GameObject: {fileID: 154254}
  m_Enabled: 1
  m_CastShadows: 1
  m_ReceiveShadows: 1
  m_Materials:
  - {fileID: 2100000, guid: 267f858a8d39453438e4f97fc758b465, type: 2}
  m_SubsetIndices: 
  m_StaticBatchRoot: {fileID: 0}
  m_UseLightProbes: 1
  m_ReflectionProbeUsage: 1
  m_ProbeAnchor: {fileID: 0}
  m_ScaleInLightmap: 1
  m_PreserveUVs: 1
  m_IgnoreNormalsForChartDetection: 0
  m_ImportantGI: 0
  m_MinimumChartSize: 4
  m_AutoUVMaxDistance: 0.5
  m_AutoUVMaxAngle: 89
  m_LightmapParameters: {fileID: 0}
  m_SortingLayerID: 0
  m_SortingOrder: 0
--- !u!23 &2326744
MeshRenderer:
  m_ObjectHideFlags: 1
  m_PrefabParentObject: {fileID: 0}
  m_PrefabInternal: {fileID: 100100000}
  m_GameObject: {fileID: 107964}
  m_Enabled: 1
  m_CastShadows: 1
  m_ReceiveShadows: 1
  m_Materials:
  - {fileID: 2100000, guid: 267f858a8d39453438e4f97fc758b465, type: 2}
  m_SubsetIndices: 
  m_StaticBatchRoot: {fileID: 0}
  m_UseLightProbes: 1
  m_ReflectionProbeUsage: 1
  m_ProbeAnchor: {fileID: 0}
  m_ScaleInLightmap: 1
  m_PreserveUVs: 1
  m_IgnoreNormalsForChartDetection: 0
  m_ImportantGI: 0
  m_MinimumChartSize: 4
  m_AutoUVMaxDistance: 0.5
  m_AutoUVMaxAngle: 89
  m_LightmapParameters: {fileID: 0}
  m_SortingLayerID: 0
  m_SortingOrder: 0
--- !u!23 &2337738
MeshRenderer:
  m_ObjectHideFlags: 1
  m_PrefabParentObject: {fileID: 0}
  m_PrefabInternal: {fileID: 100100000}
  m_GameObject: {fileID: 139384}
  m_Enabled: 1
  m_CastShadows: 1
  m_ReceiveShadows: 1
  m_Materials:
  - {fileID: 2100000, guid: 267f858a8d39453438e4f97fc758b465, type: 2}
  m_SubsetIndices: 
  m_StaticBatchRoot: {fileID: 0}
  m_UseLightProbes: 1
  m_ReflectionProbeUsage: 1
  m_ProbeAnchor: {fileID: 0}
  m_ScaleInLightmap: 1
  m_PreserveUVs: 1
  m_IgnoreNormalsForChartDetection: 0
  m_ImportantGI: 0
  m_MinimumChartSize: 4
  m_AutoUVMaxDistance: 0.5
  m_AutoUVMaxAngle: 89
  m_LightmapParameters: {fileID: 0}
  m_SortingLayerID: 0
  m_SortingOrder: 0
--- !u!23 &2339758
MeshRenderer:
  m_ObjectHideFlags: 1
  m_PrefabParentObject: {fileID: 0}
  m_PrefabInternal: {fileID: 100100000}
  m_GameObject: {fileID: 154074}
  m_Enabled: 1
  m_CastShadows: 1
  m_ReceiveShadows: 1
  m_Materials:
  - {fileID: 2100000, guid: 267f858a8d39453438e4f97fc758b465, type: 2}
  m_SubsetIndices: 
  m_StaticBatchRoot: {fileID: 0}
  m_UseLightProbes: 1
  m_ReflectionProbeUsage: 1
  m_ProbeAnchor: {fileID: 0}
  m_ScaleInLightmap: 1
  m_PreserveUVs: 1
  m_IgnoreNormalsForChartDetection: 0
  m_ImportantGI: 0
  m_MinimumChartSize: 4
  m_AutoUVMaxDistance: 0.5
  m_AutoUVMaxAngle: 89
  m_LightmapParameters: {fileID: 0}
  m_SortingLayerID: 0
  m_SortingOrder: 0
--- !u!23 &2360580
MeshRenderer:
  m_ObjectHideFlags: 1
  m_PrefabParentObject: {fileID: 0}
  m_PrefabInternal: {fileID: 100100000}
  m_GameObject: {fileID: 174862}
  m_Enabled: 1
  m_CastShadows: 1
  m_ReceiveShadows: 1
  m_Materials:
  - {fileID: 2100000, guid: 267f858a8d39453438e4f97fc758b465, type: 2}
  m_SubsetIndices: 
  m_StaticBatchRoot: {fileID: 0}
  m_UseLightProbes: 1
  m_ReflectionProbeUsage: 1
  m_ProbeAnchor: {fileID: 0}
  m_ScaleInLightmap: 1
  m_PreserveUVs: 1
  m_IgnoreNormalsForChartDetection: 0
  m_ImportantGI: 0
  m_MinimumChartSize: 4
  m_AutoUVMaxDistance: 0.5
  m_AutoUVMaxAngle: 89
  m_LightmapParameters: {fileID: 0}
  m_SortingLayerID: 0
  m_SortingOrder: 0
--- !u!23 &2363248
MeshRenderer:
  m_ObjectHideFlags: 1
  m_PrefabParentObject: {fileID: 0}
  m_PrefabInternal: {fileID: 100100000}
  m_GameObject: {fileID: 175300}
  m_Enabled: 1
  m_CastShadows: 1
  m_ReceiveShadows: 1
  m_Materials:
  - {fileID: 2100000, guid: 267f858a8d39453438e4f97fc758b465, type: 2}
  m_SubsetIndices: 
  m_StaticBatchRoot: {fileID: 0}
  m_UseLightProbes: 1
  m_ReflectionProbeUsage: 1
  m_ProbeAnchor: {fileID: 0}
  m_ScaleInLightmap: 1
  m_PreserveUVs: 1
  m_IgnoreNormalsForChartDetection: 0
  m_ImportantGI: 0
  m_MinimumChartSize: 4
  m_AutoUVMaxDistance: 0.5
  m_AutoUVMaxAngle: 89
  m_LightmapParameters: {fileID: 0}
  m_SortingLayerID: 0
  m_SortingOrder: 0
--- !u!23 &2373710
MeshRenderer:
  m_ObjectHideFlags: 1
  m_PrefabParentObject: {fileID: 0}
  m_PrefabInternal: {fileID: 100100000}
  m_GameObject: {fileID: 111424}
  m_Enabled: 1
  m_CastShadows: 1
  m_ReceiveShadows: 1
  m_Materials:
  - {fileID: 2100000, guid: 267f858a8d39453438e4f97fc758b465, type: 2}
  m_SubsetIndices: 
  m_StaticBatchRoot: {fileID: 0}
  m_UseLightProbes: 1
  m_ReflectionProbeUsage: 1
  m_ProbeAnchor: {fileID: 0}
  m_ScaleInLightmap: 1
  m_PreserveUVs: 1
  m_IgnoreNormalsForChartDetection: 0
  m_ImportantGI: 0
  m_MinimumChartSize: 4
  m_AutoUVMaxDistance: 0.5
  m_AutoUVMaxAngle: 89
  m_LightmapParameters: {fileID: 0}
  m_SortingLayerID: 0
  m_SortingOrder: 0
--- !u!33 &3318216
MeshFilter:
  m_ObjectHideFlags: 1
  m_PrefabParentObject: {fileID: 0}
  m_PrefabInternal: {fileID: 100100000}
  m_GameObject: {fileID: 189912}
  m_Mesh: {fileID: 10202, guid: 0000000000000000e000000000000000, type: 0}
--- !u!33 &3340064
MeshFilter:
  m_ObjectHideFlags: 1
  m_PrefabParentObject: {fileID: 0}
  m_PrefabInternal: {fileID: 100100000}
  m_GameObject: {fileID: 111424}
  m_Mesh: {fileID: 10202, guid: 0000000000000000e000000000000000, type: 0}
--- !u!33 &3346902
MeshFilter:
  m_ObjectHideFlags: 1
  m_PrefabParentObject: {fileID: 0}
  m_PrefabInternal: {fileID: 100100000}
  m_GameObject: {fileID: 174862}
  m_Mesh: {fileID: 10202, guid: 0000000000000000e000000000000000, type: 0}
--- !u!33 &3347300
MeshFilter:
  m_ObjectHideFlags: 1
  m_PrefabParentObject: {fileID: 0}
  m_PrefabInternal: {fileID: 100100000}
  m_GameObject: {fileID: 154074}
  m_Mesh: {fileID: 10202, guid: 0000000000000000e000000000000000, type: 0}
--- !u!33 &3371522
MeshFilter:
  m_ObjectHideFlags: 1
  m_PrefabParentObject: {fileID: 0}
  m_PrefabInternal: {fileID: 100100000}
  m_GameObject: {fileID: 107964}
  m_Mesh: {fileID: 10202, guid: 0000000000000000e000000000000000, type: 0}
--- !u!33 &3388922
MeshFilter:
  m_ObjectHideFlags: 1
  m_PrefabParentObject: {fileID: 0}
  m_PrefabInternal: {fileID: 100100000}
  m_GameObject: {fileID: 139384}
  m_Mesh: {fileID: 10202, guid: 0000000000000000e000000000000000, type: 0}
--- !u!33 &3393538
MeshFilter:
  m_ObjectHideFlags: 1
  m_PrefabParentObject: {fileID: 0}
  m_PrefabInternal: {fileID: 100100000}
  m_GameObject: {fileID: 175300}
  m_Mesh: {fileID: 10202, guid: 0000000000000000e000000000000000, type: 0}
--- !u!33 &3394864
MeshFilter:
  m_ObjectHideFlags: 1
  m_PrefabParentObject: {fileID: 0}
  m_PrefabInternal: {fileID: 100100000}
  m_GameObject: {fileID: 148912}
  m_Mesh: {fileID: 10202, guid: 0000000000000000e000000000000000, type: 0}
--- !u!33 &3398718
MeshFilter:
  m_ObjectHideFlags: 1
  m_PrefabParentObject: {fileID: 0}
  m_PrefabInternal: {fileID: 100100000}
  m_GameObject: {fileID: 154254}
  m_Mesh: {fileID: 10202, guid: 0000000000000000e000000000000000, type: 0}
--- !u!65 &6527256
BoxCollider:
  m_ObjectHideFlags: 1
  m_PrefabParentObject: {fileID: 0}
  m_PrefabInternal: {fileID: 100100000}
  m_GameObject: {fileID: 138208}
  m_Material: {fileID: 0}
  m_IsTrigger: 0
  m_Enabled: 1
  serializedVersion: 2
  m_Size: {x: 2, y: 3, z: 2}
  m_Center: {x: 0, y: 1.5, z: 0}
--- !u!114 &11401860
MonoBehaviour:
  m_ObjectHideFlags: 1
  m_PrefabParentObject: {fileID: 0}
  m_PrefabInternal: {fileID: 100100000}
  m_GameObject: {fileID: 138208}
  m_Enabled: 1
  m_EditorHideFlags: 0
  m_Script: {fileID: 11500000, guid: 5f0763ebf5e05db4383b91baf9db796f, type: 3}
  m_Name: 
  m_EditorClassIdentifier: 
  hide: 1
  affectedByPulse: 0
  colliders:
  - {fileID: 6527256}
  body:
  - {fileID: 11418532}
  - {fileID: 11497342}
  - {fileID: 11497566}
  - {fileID: 11465666}
  - {fileID: 11418824}
  - {fileID: 11445840}
  - {fileID: 11488710}
  - {fileID: 11446454}
  - {fileID: 11448634}
--- !u!114 &11418532
MonoBehaviour:
  m_ObjectHideFlags: 1
  m_PrefabParentObject: {fileID: 0}
  m_PrefabInternal: {fileID: 100100000}
  m_GameObject: {fileID: 107964}
  m_Enabled: 1
  m_EditorHideFlags: 0
  m_Script: {fileID: 11500000, guid: 038c5ee840c3a43408e0704cec4b55f0, type: 3}
  m_Name: 
  m_EditorClassIdentifier: 
  fadeinDirection: {x: 0, y: -5, z: 0}
  hide: 0
  rendererComponent: {fileID: 2326744}
  subrendererComponents: []
--- !u!114 &11418824
MonoBehaviour:
  m_ObjectHideFlags: 1
  m_PrefabParentObject: {fileID: 0}
  m_PrefabInternal: {fileID: 100100000}
  m_GameObject: {fileID: 154254}
  m_Enabled: 1
  m_EditorHideFlags: 0
  m_Script: {fileID: 11500000, guid: 038c5ee840c3a43408e0704cec4b55f0, type: 3}
  m_Name: 
  m_EditorClassIdentifier: 
  fadeinDirection: {x: 0, y: -5, z: 0}
  hide: 0
  rendererComponent: {fileID: 2325564}
  subrendererComponents: []
--- !u!114 &11422128
MonoBehaviour:
  m_ObjectHideFlags: 1
  m_PrefabParentObject: {fileID: 0}
  m_PrefabInternal: {fileID: 100100000}
  m_GameObject: {fileID: 154254}
  m_Enabled: 1
  m_EditorHideFlags: 0
  m_Script: {fileID: -79023486, guid: 32187afbec4815f418408268605edeee, type: 3}
  m_Name: 
  m_EditorClassIdentifier: 
  settings:
    timeScaling: 2
    reverseClamp: 1
  events:
    onPlay:
      m_PersistentCalls:
        m_Calls: []
      m_TypeName: UnityEngine.Events.UnityEvent, UnityEngine, Version=0.0.0.0, Culture=neutral,
        PublicKeyToken=null
    onStop:
      m_PersistentCalls:
        m_Calls: []
      m_TypeName: UnityEngine.Events.UnityEvent, UnityEngine, Version=0.0.0.0, Culture=neutral,
        PublicKeyToken=null
    onDurationReached:
      m_PersistentCalls:
        m_Calls: []
      m_TypeName: UnityEngine.Events.UnityEvent, UnityEngine, Version=0.0.0.0, Culture=neutral,
        PublicKeyToken=null
    onRawWeightApex:
      m_PersistentCalls:
        m_Calls: []
      m_TypeName: UnityEngine.Events.UnityEvent, UnityEngine, Version=0.0.0.0, Culture=neutral,
        PublicKeyToken=null
  isSleeping: 0
  weights: 0100000001000000
  customWeight:
    stimulus: 0
    curve:
      serializedVersion: 2
      m_Curve:
      - time: 0
        value: 1
        inSlope: 0
        outSlope: 0
        tangentMode: 0
      - time: 1
        value: 1
        inSlope: 0
        outSlope: 0
        tangentMode: 0
      m_PreInfinity: 2
      m_PostInfinity: 2
      m_RotationOrder: 4
  speed: 1
  rawTime: 0
  simulatedTime: 0
  strength: 1
  preset: 0
  duration: 1.5
  timeWrap: 3
  positionExtent: {x: 0, y: 1.2, z: 0}
  rotationExtent: {x: 0, y: 0, z: 0}
  scaleExtent: {x: 0, y: 0, z: 0}
  previousPreset: 0
  positionOffset: {x: 0, y: 0, z: 0}
  rotationOffset: {x: 0, y: 0, z: 0, w: 1}
  scaleOffset: {x: 0, y: 0, z: 0}
--- !u!114 &11431532
MonoBehaviour:
  m_ObjectHideFlags: 1
  m_PrefabParentObject: {fileID: 0}
  m_PrefabInternal: {fileID: 100100000}
  m_GameObject: {fileID: 138208}
  m_Enabled: 1
  m_EditorHideFlags: 0
  m_Script: {fileID: 11500000, guid: 869843358d760cb4bacd55d8ca3e6f28, type: 3}
  m_Name: 
  m_EditorClassIdentifier: 
  displayName: 
  displayText: {fileID: 0}
  displayEffects: []
  pulsePrefab: {fileID: 11485270, guid: b2235bbc2095cbf4287e90ea938add47, type: 2}
  projectilePrefab: {fileID: 11454468, guid: 8f61283cd9cc9af48baa14bd36574bf6, type: 2}
--- !u!114 &11445840
MonoBehaviour:
  m_ObjectHideFlags: 1
  m_PrefabParentObject: {fileID: 0}
  m_PrefabInternal: {fileID: 100100000}
  m_GameObject: {fileID: 139384}
  m_Enabled: 1
  m_EditorHideFlags: 0
  m_Script: {fileID: 11500000, guid: 038c5ee840c3a43408e0704cec4b55f0, type: 3}
  m_Name: 
  m_EditorClassIdentifier: 
  fadeinDirection: {x: 0, y: -5, z: 0}
  hide: 0
  rendererComponent: {fileID: 2337738}
  subrendererComponents: []
--- !u!114 &11446454
MonoBehaviour:
  m_ObjectHideFlags: 1
  m_PrefabParentObject: {fileID: 0}
  m_PrefabInternal: {fileID: 100100000}
  m_GameObject: {fileID: 189912}
  m_Enabled: 1
  m_EditorHideFlags: 0
  m_Script: {fileID: 11500000, guid: 038c5ee840c3a43408e0704cec4b55f0, type: 3}
  m_Name: 
  m_EditorClassIdentifier: 
  fadeinDirection: {x: 0, y: -5, z: 0}
  hide: 0
  rendererComponent: {fileID: 2313104}
  subrendererComponents: []
--- !u!114 &11447324
MonoBehaviour:
  m_ObjectHideFlags: 1
  m_PrefabParentObject: {fileID: 0}
  m_PrefabInternal: {fileID: 100100000}
  m_GameObject: {fileID: 148912}
  m_Enabled: 1
  m_EditorHideFlags: 0
  m_Script: {fileID: -79023486, guid: 32187afbec4815f418408268605edeee, type: 3}
  m_Name: 
  m_EditorClassIdentifier: 
  settings:
    timeScaling: 2
    reverseClamp: 1
  events:
    onPlay:
      m_PersistentCalls:
        m_Calls: []
      m_TypeName: UnityEngine.Events.UnityEvent, UnityEngine, Version=0.0.0.0, Culture=neutral,
        PublicKeyToken=null
    onStop:
      m_PersistentCalls:
        m_Calls: []
      m_TypeName: UnityEngine.Events.UnityEvent, UnityEngine, Version=0.0.0.0, Culture=neutral,
        PublicKeyToken=null
    onDurationReached:
      m_PersistentCalls:
        m_Calls: []
      m_TypeName: UnityEngine.Events.UnityEvent, UnityEngine, Version=0.0.0.0, Culture=neutral,
        PublicKeyToken=null
    onRawWeightApex:
      m_PersistentCalls:
        m_Calls: []
      m_TypeName: UnityEngine.Events.UnityEvent, UnityEngine, Version=0.0.0.0, Culture=neutral,
        PublicKeyToken=null
  isSleeping: 0
  weights: 0100000001000000
  customWeight:
    stimulus: 0
    curve:
      serializedVersion: 2
      m_Curve:
      - time: 0
        value: 1
        inSlope: 0
        outSlope: 0
        tangentMode: 0
      - time: 1
        value: 1
        inSlope: 0
        outSlope: 0
        tangentMode: 0
      m_PreInfinity: 2
      m_PostInfinity: 2
      m_RotationOrder: 4
  speed: 1
  rawTime: 0
  simulatedTime: 0
  strength: 1
  preset: 0
  duration: 1.5
  timeWrap: 3
  positionExtent: {x: 0, y: 2, z: 0}
  rotationExtent: {x: 0, y: 0, z: 0}
  scaleExtent: {x: 0, y: 0, z: 0}
  previousPreset: 0
  positionOffset: {x: 0, y: 0, z: 0}
  rotationOffset: {x: 0, y: 0, z: 0, w: 1}
  scaleOffset: {x: 0, y: 0, z: 0}
--- !u!114 &11448634
MonoBehaviour:
  m_ObjectHideFlags: 1
  m_PrefabParentObject: {fileID: 0}
  m_PrefabInternal: {fileID: 100100000}
  m_GameObject: {fileID: 148912}
  m_Enabled: 1
  m_EditorHideFlags: 0
  m_Script: {fileID: 11500000, guid: 038c5ee840c3a43408e0704cec4b55f0, type: 3}
  m_Name: 
  m_EditorClassIdentifier: 
  fadeinDirection: {x: 0, y: -5, z: 0}
  hide: 0
  rendererComponent: {fileID: 2324126}
  subrendererComponents: []
--- !u!114 &11455808
MonoBehaviour:
  m_ObjectHideFlags: 1
  m_PrefabParentObject: {fileID: 0}
  m_PrefabInternal: {fileID: 100100000}
  m_GameObject: {fileID: 175300}
  m_Enabled: 1
  m_EditorHideFlags: 0
  m_Script: {fileID: -79023486, guid: 32187afbec4815f418408268605edeee, type: 3}
  m_Name: 
  m_EditorClassIdentifier: 
  settings:
    timeScaling: 2
    reverseClamp: 1
  events:
    onPlay:
      m_PersistentCalls:
        m_Calls: []
      m_TypeName: UnityEngine.Events.UnityEvent, UnityEngine, Version=0.0.0.0, Culture=neutral,
        PublicKeyToken=null
    onStop:
      m_PersistentCalls:
        m_Calls: []
      m_TypeName: UnityEngine.Events.UnityEvent, UnityEngine, Version=0.0.0.0, Culture=neutral,
        PublicKeyToken=null
    onDurationReached:
      m_PersistentCalls:
        m_Calls: []
      m_TypeName: UnityEngine.Events.UnityEvent, UnityEngine, Version=0.0.0.0, Culture=neutral,
        PublicKeyToken=null
    onRawWeightApex:
      m_PersistentCalls:
        m_Calls: []
      m_TypeName: UnityEngine.Events.UnityEvent, UnityEngine, Version=0.0.0.0, Culture=neutral,
        PublicKeyToken=null
  isSleeping: 0
  weights: 0100000001000000
  customWeight:
    stimulus: 0
    curve:
      serializedVersion: 2
      m_Curve:
      - time: 0
        value: 1
        inSlope: 0
        outSlope: 0
        tangentMode: 0
      - time: 1
        value: 1
        inSlope: 0
        outSlope: 0
        tangentMode: 0
      m_PreInfinity: 2
      m_PostInfinity: 2
      m_RotationOrder: 4
  speed: 1
  rawTime: 0
  simulatedTime: 0
  strength: 1
  preset: 0
  duration: 1.5
  timeWrap: 3
  positionExtent: {x: 0, y: 0.6, z: 0}
  rotationExtent: {x: 0, y: 0, z: 0}
  scaleExtent: {x: 0, y: 0, z: 0}
  previousPreset: 0
  positionOffset: {x: 0, y: 0, z: 0}
  rotationOffset: {x: 0, y: 0, z: 0, w: 1}
  scaleOffset: {x: 0, y: 0, z: 0}
--- !u!114 &11461946
MonoBehaviour:
  m_ObjectHideFlags: 1
  m_PrefabParentObject: {fileID: 0}
  m_PrefabInternal: {fileID: 100100000}
  m_GameObject: {fileID: 111424}
  m_Enabled: 1
  m_EditorHideFlags: 0
  m_Script: {fileID: -79023486, guid: 32187afbec4815f418408268605edeee, type: 3}
  m_Name: 
  m_EditorClassIdentifier: 
  settings:
    timeScaling: 2
    reverseClamp: 1
  events:
    onPlay:
      m_PersistentCalls:
        m_Calls: []
      m_TypeName: UnityEngine.Events.UnityEvent, UnityEngine, Version=0.0.0.0, Culture=neutral,
        PublicKeyToken=null
    onStop:
      m_PersistentCalls:
        m_Calls: []
      m_TypeName: UnityEngine.Events.UnityEvent, UnityEngine, Version=0.0.0.0, Culture=neutral,
        PublicKeyToken=null
    onDurationReached:
      m_PersistentCalls:
        m_Calls: []
      m_TypeName: UnityEngine.Events.UnityEvent, UnityEngine, Version=0.0.0.0, Culture=neutral,
        PublicKeyToken=null
    onRawWeightApex:
      m_PersistentCalls:
        m_Calls: []
      m_TypeName: UnityEngine.Events.UnityEvent, UnityEngine, Version=0.0.0.0, Culture=neutral,
        PublicKeyToken=null
  isSleeping: 0
  weights: 0100000001000000
  customWeight:
    stimulus: 0
    curve:
      serializedVersion: 2
      m_Curve:
      - time: 0
        value: 1
        inSlope: 0
        outSlope: 0
        tangentMode: 0
      - time: 1
        value: 1
        inSlope: 0
        outSlope: 0
        tangentMode: 0
      m_PreInfinity: 2
      m_PostInfinity: 2
      m_RotationOrder: 4
  speed: 1
  rawTime: 0
  simulatedTime: 0
  strength: 1
  preset: 0
  duration: 1.5
  timeWrap: 3
  positionExtent: {x: 0, y: 0.8, z: 0}
  rotationExtent: {x: 0, y: 0, z: 0}
  scaleExtent: {x: 0, y: 0, z: 0}
  previousPreset: 0
  positionOffset: {x: 0, y: 0, z: 0}
  rotationOffset: {x: 0, y: 0, z: 0, w: 1}
  scaleOffset: {x: 0, y: 0, z: 0}
--- !u!114 &11464942
MonoBehaviour:
  m_ObjectHideFlags: 1
  m_PrefabParentObject: {fileID: 0}
  m_PrefabInternal: {fileID: 100100000}
  m_GameObject: {fileID: 154074}
  m_Enabled: 1
  m_EditorHideFlags: 0
  m_Script: {fileID: -79023486, guid: 32187afbec4815f418408268605edeee, type: 3}
  m_Name: 
  m_EditorClassIdentifier: 
  settings:
    timeScaling: 2
    reverseClamp: 1
  events:
    onPlay:
      m_PersistentCalls:
        m_Calls: []
      m_TypeName: UnityEngine.Events.UnityEvent, UnityEngine, Version=0.0.0.0, Culture=neutral,
        PublicKeyToken=null
    onStop:
      m_PersistentCalls:
        m_Calls: []
      m_TypeName: UnityEngine.Events.UnityEvent, UnityEngine, Version=0.0.0.0, Culture=neutral,
        PublicKeyToken=null
    onDurationReached:
      m_PersistentCalls:
        m_Calls: []
      m_TypeName: UnityEngine.Events.UnityEvent, UnityEngine, Version=0.0.0.0, Culture=neutral,
        PublicKeyToken=null
    onRawWeightApex:
      m_PersistentCalls:
        m_Calls: []
      m_TypeName: UnityEngine.Events.UnityEvent, UnityEngine, Version=0.0.0.0, Culture=neutral,
        PublicKeyToken=null
  isSleeping: 0
  weights: 0100000001000000
  customWeight:
    stimulus: 0
    curve:
      serializedVersion: 2
      m_Curve:
      - time: 0
        value: 1
        inSlope: 0
        outSlope: 0
        tangentMode: 0
      - time: 1
        value: 1
        inSlope: 0
        outSlope: 0
        tangentMode: 0
      m_PreInfinity: 2
      m_PostInfinity: 2
      m_RotationOrder: 4
  speed: 1
  rawTime: 0
  simulatedTime: 0
  strength: 1
  preset: 0
  duration: 1.5
  timeWrap: 3
  positionExtent: {x: 0, y: 1.6, z: 0}
  rotationExtent: {x: 0, y: 0, z: 0}
  scaleExtent: {x: 0, y: 0, z: 0}
  previousPreset: 0
  positionOffset: {x: 0, y: 0, z: 0}
  rotationOffset: {x: 0, y: 0, z: 0, w: 1}
  scaleOffset: {x: 0, y: 0, z: 0}
--- !u!114 &11465666
MonoBehaviour:
  m_ObjectHideFlags: 1
  m_PrefabParentObject: {fileID: 0}
  m_PrefabInternal: {fileID: 100100000}
  m_GameObject: {fileID: 174862}
  m_Enabled: 1
  m_EditorHideFlags: 0
  m_Script: {fileID: 11500000, guid: 038c5ee840c3a43408e0704cec4b55f0, type: 3}
  m_Name: 
  m_EditorClassIdentifier: 
  fadeinDirection: {x: 0, y: -5, z: 0}
  hide: 0
  rendererComponent: {fileID: 2360580}
  subrendererComponents: []
--- !u!114 &11466178
MonoBehaviour:
  m_ObjectHideFlags: 1
  m_PrefabParentObject: {fileID: 0}
  m_PrefabInternal: {fileID: 100100000}
  m_GameObject: {fileID: 174862}
  m_Enabled: 1
  m_EditorHideFlags: 0
  m_Script: {fileID: -79023486, guid: 32187afbec4815f418408268605edeee, type: 3}
  m_Name: 
  m_EditorClassIdentifier: 
  settings:
    timeScaling: 2
    reverseClamp: 1
  events:
    onPlay:
      m_PersistentCalls:
        m_Calls: []
      m_TypeName: UnityEngine.Events.UnityEvent, UnityEngine, Version=0.0.0.0, Culture=neutral,
        PublicKeyToken=null
    onStop:
      m_PersistentCalls:
        m_Calls: []
      m_TypeName: UnityEngine.Events.UnityEvent, UnityEngine, Version=0.0.0.0, Culture=neutral,
        PublicKeyToken=null
    onDurationReached:
      m_PersistentCalls:
        m_Calls: []
      m_TypeName: UnityEngine.Events.UnityEvent, UnityEngine, Version=0.0.0.0, Culture=neutral,
        PublicKeyToken=null
    onRawWeightApex:
      m_PersistentCalls:
        m_Calls: []
      m_TypeName: UnityEngine.Events.UnityEvent, UnityEngine, Version=0.0.0.0, Culture=neutral,
        PublicKeyToken=null
  isSleeping: 0
  weights: 0100000001000000
  customWeight:
    stimulus: 0
    curve:
      serializedVersion: 2
      m_Curve:
      - time: 0
        value: 1
        inSlope: 0
        outSlope: 0
        tangentMode: 0
      - time: 1
        value: 1
        inSlope: 0
        outSlope: 0
        tangentMode: 0
      m_PreInfinity: 2
      m_PostInfinity: 2
      m_RotationOrder: 4
  speed: 1
  rawTime: 0
  simulatedTime: 0
  strength: 1
  preset: 0
  duration: 1.5
  timeWrap: 3
  positionExtent: {x: 0, y: 1, z: 0}
  rotationExtent: {x: 0, y: 0, z: 0}
  scaleExtent: {x: 0, y: 0, z: 0}
  previousPreset: 0
  positionOffset: {x: 0, y: 0, z: 0}
  rotationOffset: {x: 0, y: 0, z: 0, w: 1}
  scaleOffset: {x: 0, y: 0, z: 0}
--- !u!114 &11479904
MonoBehaviour:
  m_ObjectHideFlags: 1
  m_PrefabParentObject: {fileID: 0}
  m_PrefabInternal: {fileID: 100100000}
  m_GameObject: {fileID: 189912}
  m_Enabled: 1
  m_EditorHideFlags: 0
  m_Script: {fileID: -79023486, guid: 32187afbec4815f418408268605edeee, type: 3}
  m_Name: 
  m_EditorClassIdentifier: 
  settings:
    timeScaling: 2
    reverseClamp: 1
  events:
    onPlay:
      m_PersistentCalls:
        m_Calls: []
      m_TypeName: UnityEngine.Events.UnityEvent, UnityEngine, Version=0.0.0.0, Culture=neutral,
        PublicKeyToken=null
    onStop:
      m_PersistentCalls:
        m_Calls: []
      m_TypeName: UnityEngine.Events.UnityEvent, UnityEngine, Version=0.0.0.0, Culture=neutral,
        PublicKeyToken=null
    onDurationReached:
      m_PersistentCalls:
        m_Calls: []
      m_TypeName: UnityEngine.Events.UnityEvent, UnityEngine, Version=0.0.0.0, Culture=neutral,
        PublicKeyToken=null
    onRawWeightApex:
      m_PersistentCalls:
        m_Calls: []
      m_TypeName: UnityEngine.Events.UnityEvent, UnityEngine, Version=0.0.0.0, Culture=neutral,
        PublicKeyToken=null
  isSleeping: 0
  weights: 0100000001000000
  customWeight:
    stimulus: 0
    curve:
      serializedVersion: 2
      m_Curve:
      - time: 0
        value: 1
        inSlope: 0
        outSlope: 0
        tangentMode: 0
      - time: 1
        value: 1
        inSlope: 0
        outSlope: 0
        tangentMode: 0
      m_PreInfinity: 2
      m_PostInfinity: 2
      m_RotationOrder: 4
  speed: 1
  rawTime: 0
  simulatedTime: 0
  strength: 1
  preset: 0
  duration: 1.5
  timeWrap: 3
  positionExtent: {x: 0, y: 1.8, z: 0}
  rotationExtent: {x: 0, y: 0, z: 0}
  scaleExtent: {x: 0, y: 0, z: 0}
  previousPreset: 0
  positionOffset: {x: 0, y: 0, z: 0}
  rotationOffset: {x: 0, y: 0, z: 0, w: 1}
  scaleOffset: {x: 0, y: 0, z: 0}
--- !u!114 &11482764
MonoBehaviour:
  m_ObjectHideFlags: 1
  m_PrefabParentObject: {fileID: 0}
  m_PrefabInternal: {fileID: 100100000}
  m_GameObject: {fileID: 139384}
  m_Enabled: 1
  m_EditorHideFlags: 0
  m_Script: {fileID: -79023486, guid: 32187afbec4815f418408268605edeee, type: 3}
  m_Name: 
  m_EditorClassIdentifier: 
  settings:
    timeScaling: 2
    reverseClamp: 1
  events:
    onPlay:
      m_PersistentCalls:
        m_Calls: []
      m_TypeName: UnityEngine.Events.UnityEvent, UnityEngine, Version=0.0.0.0, Culture=neutral,
        PublicKeyToken=null
    onStop:
      m_PersistentCalls:
        m_Calls: []
      m_TypeName: UnityEngine.Events.UnityEvent, UnityEngine, Version=0.0.0.0, Culture=neutral,
        PublicKeyToken=null
    onDurationReached:
      m_PersistentCalls:
        m_Calls: []
      m_TypeName: UnityEngine.Events.UnityEvent, UnityEngine, Version=0.0.0.0, Culture=neutral,
        PublicKeyToken=null
    onRawWeightApex:
      m_PersistentCalls:
        m_Calls: []
      m_TypeName: UnityEngine.Events.UnityEvent, UnityEngine, Version=0.0.0.0, Culture=neutral,
        PublicKeyToken=null
  isSleeping: 0
  weights: 0100000001000000
  customWeight:
    stimulus: 0
    curve:
      serializedVersion: 2
      m_Curve:
      - time: 0
        value: 1
        inSlope: 0
        outSlope: 0
        tangentMode: 0
      - time: 1
        value: 1
        inSlope: 0
        outSlope: 0
        tangentMode: 0
      m_PreInfinity: 2
      m_PostInfinity: 2
      m_RotationOrder: 4
  speed: 1
  rawTime: 0
  simulatedTime: 0
  strength: 1
  preset: 0
  duration: 1.5
  timeWrap: 3
  positionExtent: {x: 0, y: 1.4, z: 0}
  rotationExtent: {x: 0, y: 0, z: 0}
  scaleExtent: {x: 0, y: 0, z: 0}
  previousPreset: 0
  positionOffset: {x: 0, y: 0, z: 0}
  rotationOffset: {x: 0, y: 0, z: 0, w: 1}
  scaleOffset: {x: 0, y: 0, z: 0}
--- !u!114 &11488710
MonoBehaviour:
  m_ObjectHideFlags: 1
  m_PrefabParentObject: {fileID: 0}
  m_PrefabInternal: {fileID: 100100000}
  m_GameObject: {fileID: 154074}
  m_Enabled: 1
  m_EditorHideFlags: 0
  m_Script: {fileID: 11500000, guid: 038c5ee840c3a43408e0704cec4b55f0, type: 3}
  m_Name: 
  m_EditorClassIdentifier: 
  fadeinDirection: {x: 0, y: -5, z: 0}
  hide: 0
  rendererComponent: {fileID: 2339758}
  subrendererComponents: []
--- !u!114 &11497342
MonoBehaviour:
  m_ObjectHideFlags: 1
  m_PrefabParentObject: {fileID: 0}
  m_PrefabInternal: {fileID: 100100000}
  m_GameObject: {fileID: 175300}
  m_Enabled: 1
  m_EditorHideFlags: 0
  m_Script: {fileID: 11500000, guid: 038c5ee840c3a43408e0704cec4b55f0, type: 3}
  m_Name: 
  m_EditorClassIdentifier: 
  fadeinDirection: {x: 0, y: -5, z: 0}
  hide: 0
  rendererComponent: {fileID: 2363248}
  subrendererComponents: []
--- !u!114 &11497566
MonoBehaviour:
  m_ObjectHideFlags: 1
  m_PrefabParentObject: {fileID: 0}
  m_PrefabInternal: {fileID: 100100000}
  m_GameObject: {fileID: 111424}
  m_Enabled: 1
  m_EditorHideFlags: 0
  m_Script: {fileID: 11500000, guid: 038c5ee840c3a43408e0704cec4b55f0, type: 3}
  m_Name: 
  m_EditorClassIdentifier: 
  fadeinDirection: {x: 0, y: -5, z: 0}
  hide: 0
  rendererComponent: {fileID: 2373710}
  subrendererComponents: []
--- !u!1001 &100100000
Prefab:
  m_ObjectHideFlags: 1
  serializedVersion: 2
  m_Modification:
    m_TransformParent: {fileID: 0}
    m_Modifications: []
    m_RemovedComponents: []
  m_ParentPrefab: {fileID: 0}
  m_RootGameObject: {fileID: 138208}
  m_IsPrefabParent: 1
